@ARTICLE{2022arXiv221115795G,
       author = {{Gower}, Michelle and {Kowalik}, Mikolaj and {Lust}, Nate B. and {Bosch}, James F. and {Jenness}, Tim},
        title = "{Adding Workflow Management Flexibility to LSST Pipelines Execution}",
      journal = {arXiv e-prints},
     keywords = {Astrophysics - Instrumentation and Methods for Astrophysics, Computer Science - Distributed, Parallel, and Cluster Computing},
         year = 2022,
        month = nov,
          eid = {arXiv:2211.15795},
        pages = {arXiv:2211.15795},
          doi = {10.48550/arXiv.2211.15795},
archivePrefix = {arXiv},
       eprint = {2211.15795},
 primaryClass = {astro-ph.IM},
       adsurl = {https://ui.adsabs.harvard.edu/abs/2022arXiv221115795G},
      adsnote = {Provided by the SAO/NASA Astrophysics Data System}
}
